@inproceedings{sikdar2013understanding,
  title={Understanding information credibility on twitter},
  author={Sikdar, Sujoy and Kang, Byungkyu and ODonovan, John and H{\"o}llerer, Tobias and Adah, Sibel},
  booktitle={Social Computing (SocialCom), 2013 International Conference on},
  pages={19--24},
  year={2013},
  organization={IEEE}
}


@article{hall1998practical,
  title={Practical feature subset selection for machine learning},
  author={Hall, Mark A and Smith, Lloyd A},
  year={1998},
  publisher={Springer}
}

@INPROCEEDINGS{Garner95weka,
    author = {Stephen R. Garner},
    title = {WEKA: The Waikato Environment for Knowledge Analysis},
    booktitle = {In Proc. of the New Zealand Computer Science Research Students Conference},
    year = {1995},
    pages = {57--64}
}

@inproceedings{tang2014learning,
  title={Learning Sentiment-Specific Word Embedding for Twitter Sentiment Classification.},
  author={Tang, Duyu and Wei, Furu and Yang, Nan and Zhou, Ming and Liu, Ting and Qin, Bing},
  booktitle={ACL (1)},
  pages={1555--1565},
  year={2014}
}

@inproceedings{maas2011learning,
  title={Learning word vectors for sentiment analysis},
  author={Maas, Andrew L and Daly, Raymond E and Pham, Peter T and Huang, Dan and Ng, Andrew Y and Potts, Christopher},
  booktitle={Proceedings of the 49th Annual Meeting of the Association for Computational Linguistics: Human Language Technologies-Volume 1},
  pages={142--150},
  year={2011},
  organization={Association for Computational Linguistics}
}

@inproceedings{tang2014coooolll,
  title={Coooolll: A deep learning system for Twitter sentiment classification},
  author={Tang, Duyu and Wei, Furu and Qin, Bing and Liu, Ting and Zhou, Ming},
  booktitle={Proceedings of the 8th International Workshop on Semantic Evaluation (SemEval 2014)},
  pages={208--212},
  year={2014}
}

@article{goldberg2014word2vec,
  title={word2vec Explained: deriving Mikolov et al.'s negative-sampling word-embedding method},
  author={Goldberg, Yoav and Levy, Omer},
  journal={arXiv preprint arXiv:1402.3722},
  year={2014}
}

@misc{mikolovword2vec,
  title={word2vec (2013)},
  author={Mikolov, GCT and Chen, K and Dean, J}
}

@article{hochreiter1998vanishing,
  title={The vanishing gradient problem during learning recurrent neural nets and problem solutions},
  author={Hochreiter, Sepp},
  journal={International Journal of Uncertainty, Fuzziness and Knowledge-Based Systems},
  volume={6},
  number={02},
  pages={107--116},
  year={1998},
  publisher={World Scientific}
}

@book{iamtrask,
title={Grokking Deep Learning},
author={Andrew W.Trask},
year={2016},
publisher={Manning Publications}
}

@book{neuralnet,
title={Neural Networks and Deep Learning},
author={Michael A. Nielsen},
year={2015},
publisher={Determination Press}
}

@article{Kim14,
	author    = {Yoon Kim},
	title     = {Convolutional Neural Networks for Sentence Classification},
	journal   = {CoRR},
	volume    = {abs/1408.5882},
	year      = {2014},
	url       = {http://arxiv.org/abs/1408.5882},
	timestamp = {Fri, 12 Sep 2014 12:44:21 +0200},
	biburl    = {http://dblp.uni-trier.de/rec/bib/journals/corr/Kim14f},
	bibsource = {dblp computer science bibliography, http://dblp.org}
}